@article{2019software,
	title = {Software Engineering and Formal Methods},
	publisher = {Springer International Publishing},
	url = {http://dx.doi.org/10.1007/978-3-030-30446-1},
	doi = {10.1007/978-3-030-30446-1},
	journal = {Lecture Notes in Computer Science},
	year = {2019}
}

@article{tan2023automatic,
	title = {Automatic Model Generation and Data Assimilation Framework for Cyber-Physical Production Systems},
	page = {73-83},
	publisher = {ACM},
	url = {http://dx.doi.org/10.1145/3573900.3591112},
	doi = {10.1145/3573900.3591112},
	journal = {ACM SIGSIM Conference on Principles of Advanced Discrete Simulation},
	year = {2023},
	month = {6},
	author = {Wen Jun Tan and Moon Gi Seok and Wentong Cai}
}

@article{friederich2024datadriven,
	title = {Data-driven reliability assessment of manufacturing systems using process mining},
	publisher = {SAGE Publications},
	url = {http://dx.doi.org/10.1177/00375497241302866},
	doi = {10.1177/00375497241302866},
	journal = {SIMULATION},
	year = {2024},
	month = {12},
	author = {Jonas Friederich and Sanja Lazarova-Molnar}
}

@article{overbeck2023development,
	title = {Development and analysis of digital twins of production systems},
	volume = {62},
	issue = {10},
	page = {3544-3558},
	publisher = {Informa UK Limited},
	url = {http://dx.doi.org/10.1080/00207543.2023.2242525},
	doi = {10.1080/00207543.2023.2242525},
	journal = {International Journal of Production Research},
	year = {2023},
	month = {8},
	author = {Leonard Overbeck and Stephen C. Graves and Gisela Lanza}
}

@article{li2018extracting,
	title = {Extracting Object-Centric Event Logs to Support Process Mining on Databases},
	page = {182-199},
	publisher = {Springer International Publishing},
	url = {http://dx.doi.org/10.1007/978-3-319-92901-9_16},
	doi = {10.1007/978-3-319-92901-9_16},
	journal = {Lecture Notes in Business Information Processing},
	year = {2018},
	author = {Guangming Li and Eduardo González López de Murillas and Renata Medeiros de Carvalho and Wil M. P. van der Aalst}
}

@article{park2021information,
	title = {Information fusion and systematic logic library-generation methods for self-configuration of autonomous digital twin},
	volume = {33},
	issue = {8},
	page = {2409-2439},
	publisher = {Springer Science and Business Media LLC},
	url = {http://dx.doi.org/10.1007/s10845-021-01795-y},
	doi = {10.1007/s10845-021-01795-y},
	journal = {Journal of Intelligent Manufacturing},
	year = {2021},
	month = {6},
	author = {Kyu Tae Park and Sang Ho Lee and Sang Do Noh}
}

@article{adamenko2020review,
	title = {Review and comparison of the methods of designing the Digital Twin},
	volume = {91},
	page = {27-32},
	publisher = {Elsevier BV},
	url = {http://dx.doi.org/10.1016/j.procir.2020.02.146},
	doi = {10.1016/j.procir.2020.02.146},
	journal = {Procedia CIRP},
	year = {2020},
	author = {Dmytro Adamenko and Steffen Kunnen and Robin Pluhnau and André Loibl and Arun Nagarajah}
}

@article{lugaresi2022online,
	title = {Online Validation of Simulation-Based Digital Twins Exploiting Time Series Analysis},
	page = {2912-2923},
	publisher = {IEEE},
	url = {http://dx.doi.org/10.1109/wsc57314.2022.10015346},
	doi = {10.1109/wsc57314.2022.10015346},
	journal = {2022 Winter Simulation Conference (WSC)},
	year = {2022},
	month = {12},
	author = {Giovanni Lugaresi and Sofia Gangemi and Giulia Gazzoni and Andrea Matta}
}

@article{martinez2018automatic,
	title = {Automatic Generation of a Simulation-Based Digital Twin of an Industrial Process Plant},
	page = {3084-3089},
	publisher = {IEEE},
	url = {http://dx.doi.org/10.1109/iecon.2018.8591464},
	doi = {10.1109/iecon.2018.8591464},
	journal = {IECON 2018 - 44th Annual Conference of the IEEE Industrial Electronics Society},
	year = {2018},
	month = {10},
	author = {Gerardo Santillan Martinez and Seppo Sierla and Tommi Karhela and Valeriy Vyatkin}
}

@article{dos2022simulationbased,
	title = {Simulation-based digital twins monitoring: an approach focused on models’ accreditation},
	volume = {124},
	issue = {7-8},
	page = {2423-2435},
	publisher = {Springer Science and Business Media LLC},
	url = {http://dx.doi.org/10.1007/s00170-022-10674-6},
	doi = {10.1007/s00170-022-10674-6},
	journal = {The International Journal of Advanced Manufacturing Technology},
	year = {2022},
	month = {12},
	author = {Carlos Henrique dos Santos and Afonso Teberga Campos and José Arnaldo Barra Montevechi and Rafael de Carvalho Miranda and João Victor Soares do Amaral and José Antonio de Queiroz}
}

@article{takakura2023a,
	title = {A Log-Likelihood-Based Evaluation Metric for the Reproducibility and Simplicity of Logistics Graphs},
	volume = {56},
	issue = {2},
	page = {6174-6180},
	publisher = {Elsevier BV},
	url = {http://dx.doi.org/10.1016/j.ifacol.2023.10.731},
	doi = {10.1016/j.ifacol.2023.10.731},
	journal = {IFAC-PapersOnLine},
	year = {2023},
	author = {Yuriko Takakura and Junichi Mori and Hirokazu Kobayashi}
}

@article{hua2022validation,
	title = {Validation of Digital Twins: Challenges and Opportunities},
	page = {2900-2911},
	publisher = {IEEE},
	url = {http://dx.doi.org/10.1109/wsc57314.2022.10015420},
	doi = {10.1109/wsc57314.2022.10015420},
	journal = {2022 Winter Simulation Conference (WSC)},
	year = {2022},
	month = {12},
	author = {Edward Y. Hua and Sanja Lazarova-Molnar and Deena P. Francis}
}

@article{bitencourt2024verification,
	title = {Verification and validation of digital twins: a systematic literature review for manufacturing applications},
	volume = {63},
	issue = {1},
	page = {342-370},
	publisher = {Informa UK Limited},
	url = {http://dx.doi.org/10.1080/00207543.2024.2357741},
	doi = {10.1080/00207543.2024.2357741},
	journal = {International Journal of Production Research},
	year = {2024},
	month = {5},
	author = {Julia Bitencourt and Ana Wooley and Gregory Harris}
}

@article{2008verifikation,
	title = {Verifikation und Validierung für die Simulation in Produktion und Logistik},
	publisher = {Springer Berlin Heidelberg},
	url = {http://dx.doi.org/10.1007/978-3-540-35282-2},
	doi = {10.1007/978-3-540-35282-2},
	year = {2008}
}

@article{zare2024modular,
	title = {Modular Validation within Digital Twins: A Case Study in Reliability Analysis of Manufacturing Systems},
	page = {2903-2914},
	publisher = {IEEE},
	url = {http://dx.doi.org/10.1109/wsc63780.2024.10838952},
	doi = {10.1109/wsc63780.2024.10838952},
	journal = {2024 Winter Simulation Conference (WSC)},
	year = {2024},
	month = {12},
	author = {Ashkan Zare and Sanja Lazarova-Molnar}
}

